@online{MSI:Radars,
    author = {{Maritime Safety Office}},
    title = {Basic radar principles and general characteristics},
    date = {da},
    url = {https://msi.nga.mil/api/publications/download?key=16694476/SFH00000/310ch1.pdf}
}

